% Encoding: UTF-8

@Article{Lor63,
  author  = {Edward N. Lorenz},
  title   = {Deterministic non-periodic flow},
  journal = {Journal of the Atmospheric Science},
  year    = {1963},
  volume  = {20},
  pages   = {130-141},
}

@Comment{jabref-meta: databaseType:bibtex;}
